@article{cms,
author = {CMS Collaboration},
journal = {Journal of Instrumentation},
keywords = {CMS,LHC},
mendeley-tags = {CMS,LHC},
number = {08},
title = {{The CMS experiment at the CERN LHC}},
volume = {3},
year = {2008}
}

@article{lhc,
  title={{LHC machine}},
  author={Evans, L. and Bryant, P.},
  journal={Journal of Instrumentation},
  volume={3},
  pages={S08001},
  year={2008},
  publisher={Institute of Physics Publishing}
}

@article{code,
   title={cmssw.cvs.cern.ch/cgi-bin/cmssw.cgi/UserCode/ICFSusy/AnalysisV2/WCharge/}
}

@article{HLT,
   title={twiki.cern.ch/twiki/bin/view/CMS/TriggerMenuDescription8E29Devel}
}

@article{twiki_electron,
   title={twiki.cern.ch/twiki/bin/view/CMS/SimpleCutBasedEleID}
}

@article{template,
   title={twiki.cern.ch/twiki/bin/view/CMS/WenuTemplateFit}
}

@article{cmsSlice,
   title={cms.web.cern.ch}
}
